<?xml version="1.0" encoding="UTF-8"?><record xmlns="http://www.loc.gov/MARC21/slim" xmlns:cinclude="http://apache.org/cocoon/include/1.0" xmlns:zs="http://www.loc.gov/zing/srw/">
  <leader>00718cz  a2200193n  4500</leader>
  <controlfield tag="001">n  85117071 </controlfield>
  <controlfield tag="003">DLC</controlfield>
  <controlfield tag="005">20080707080155.0</controlfield>
  <controlfield tag="008">850529n| acannaabn          |a aaa      </controlfield>
  <datafield tag="010" ind1=" " ind2=" ">
    <subfield code="a">n  85117071 </subfield>
  </datafield>
  <datafield tag="035" ind1=" " ind2=" ">
    <subfield code="a">(OCoLC)oca01348944</subfield>
  </datafield>
  <datafield tag="040" ind1=" " ind2=" ">
    <subfield code="a">DLC</subfield>
    <subfield code="b">eng</subfield>
    <subfield code="c">DLC</subfield>
    <subfield code="d">DLC</subfield>
    <subfield code="d">OCoLC</subfield>
  </datafield>
  <datafield tag="100" ind1="1" ind2=" ">
    <subfield code="a">Löwe, E.</subfield>
    <subfield code="q">(Ewald),</subfield>
    <subfield code="d">1837-1896</subfield>
  </datafield>
  <datafield tag="400" ind1="1" ind2=" ">
    <subfield code="a">Löwe,</subfield>
    <subfield code="d">1837-1896</subfield>
  </datafield>
  <datafield tag="400" ind1="1" ind2=" ">
    <subfield code="w">nnaa</subfield>
    <subfield code="a">Löwe, Ewald Karl August Erdmann,</subfield>
    <subfield code="d">1837-1896</subfield>
  </datafield>
  <datafield tag="400" ind1="1" ind2=" ">
    <subfield code="a">Löwe, Ewald,</subfield>
    <subfield code="d">1837-1896</subfield>
  </datafield>
  <datafield tag="670" ind1=" " ind2=" ">
    <subfield code="a">StPO, 1984:</subfield>
    <subfield code="b">pt. 1, cover (Löwe)</subfield>
  </datafield>
  <datafield tag="670" ind1=" " ind2=" ">
    <subfield code="a">LC data base, 4-15-85</subfield>
    <subfield code="b">(hdg.: Löwe, Ewald Karl August Erdmann, 1837-1896; usage: Löwe) LC manual cat. (usage: E. Löwe; Löwe)</subfield>
  </datafield>
  <datafield tag="675" ind1=" " ind2=" ">
    <subfield code="a">Brockh. Enzyk.;</subfield>
    <subfield code="a">Allg. Dt. Biog.;</subfield>
    <subfield code="a">Kosch Staatshandb.</subfield>
  </datafield>
</record>